<record xmlns="http://www.openarchives.org/OAI/2.0/" xmlns:xsi="http://www.w3.org/2001/XMLSchema-instance">
  <header>
    <identifier>oai:atlantis.cern.ch:124</identifier>
    <datestamp>2014-09-17T20:55:46Z</datestamp>
    <setSpec>Eudat</setSpec>
  </header>
  <metadata>
    <marc:record xmlns:marc="http://www.loc.gov/MARC21/slim" xmlns:xsi="http://www.w3.org/2001/XMLSchema-instance" xsi:schemaLocation="http://www.loc.gov/MARC21/slim http://www.loc.gov/standards/marcxml/schema/MARC21slim.xsd" type="Bibliographic">
      <marc:leader>00000coc  2200000uu 4500</marc:leader>
      <marc:controlfield tag="001">124</marc:controlfield>
      <marc:controlfield tag="005">20140917235546.0</marc:controlfield>
      <marc:datafield tag="024" ind1="7" ind2=" ">
        <marc:subfield code="2">checksum</marc:subfield>
        <marc:subfield code="a">6aed120a402bb75ce2b6009609bdaf46fee48825e51fe6904d18bf03dbf2211f</marc:subfield>
      </marc:datafield>
      <marc:datafield tag="024" ind1="7" ind2=" ">
        <marc:subfield code="2">PID</marc:subfield>
        <marc:subfield code="a">http://hdl.handle.net/11304/197a57d0-3eac-11e4-81ac-dcbd1b51435e</marc:subfield>
      </marc:datafield>
      <marc:datafield tag="100" ind1=" " ind2=" ">
        <marc:subfield code="a">Franco Vazza</marc:subfield>
      </marc:datafield>
      <marc:datafield tag="245" ind1=" " ind2=" ">
        <marc:subfield code="a">Test AMR cluster</marc:subfield>
      </marc:datafield>
      <marc:datafield tag="260" ind1=" " ind2=" ">
        <marc:subfield code="b">http://b2share.eudat.eu</marc:subfield>
        <marc:subfield code="c">2014-09-17</marc:subfield>
      </marc:datafield>
      <marc:datafield tag="264" ind1=" " ind2=" ">
        <marc:subfield code="b">B2Share</marc:subfield>
        <marc:subfield code="c">2014-09-17 20:49:20.299960 UTC</marc:subfield>
      </marc:datafield>
      <marc:datafield tag="270" ind1=" " ind2=" ">
        <marc:subfield code="m">franco.vazza@hs.uni-hamburg.de</marc:subfield>
      </marc:datafield>
      <marc:datafield tag="520" ind1=" " ind2=" ">
        <marc:subfield code="a">Simulated cluster (z=0) with ENZO v2 + Cosmic Rays, Vazza, Gheller &amp; Bruggen 2014.</marc:subfield>
      </marc:datafield>
      <marc:datafield tag="540" ind1=" " ind2=" ">
        <marc:subfield code="a">public</marc:subfield>
      </marc:datafield>
      <marc:datafield tag="542" ind1=" " ind2=" ">
        <marc:subfield code="l">open</marc:subfield>
      </marc:datafield>
      <marc:datafield tag="546" ind1=" " ind2=" ">
        <marc:subfield code="a">en</marc:subfield>
      </marc:datafield>
      <marc:datafield tag="653" ind1="1" ind2=" ">
        <marc:subfield code="a">cosmic rays; enzo; cosmological simulation; galaxy cluster</marc:subfield>
      </marc:datafield>
      <marc:datafield tag="856" ind1="0" ind2=" ">
        <marc:subfield code="f">franco.vazza@hs.uni-hamburg.de</marc:subfield>
      </marc:datafield>
      <marc:datafield tag="856" ind1="4" ind2=" ">
        <marc:subfield code="s">3592792</marc:subfield>
        <marc:subfield code="u">https://b2share.eudat.eu/record/124/files/CRe_Energy.hdf?version=1</marc:subfield>
      </marc:datafield>
      <marc:datafield tag="856" ind1="4" ind2=" ">
        <marc:subfield code="s">3592792</marc:subfield>
        <marc:subfield code="u">https://b2share.eudat.eu/record/124/files/CRp_Energy.hdf?version=1</marc:subfield>
      </marc:datafield>
      <marc:datafield tag="856" ind1="4" ind2=" ">
        <marc:subfield code="s">3592792</marc:subfield>
        <marc:subfield code="u">https://b2share.eudat.eu/record/124/files/CRp_Pressure.hdf?version=1</marc:subfield>
      </marc:datafield>
      <marc:datafield tag="856" ind1="4" ind2=" ">
        <marc:subfield code="s">3592792</marc:subfield>
        <marc:subfield code="u">https://b2share.eudat.eu/record/124/files/Dark_Matter_Density.hdf?version=1</marc:subfield>
      </marc:datafield>
      <marc:datafield tag="856" ind1="4" ind2=" ">
        <marc:subfield code="s">3592792</marc:subfield>
        <marc:subfield code="u">https://b2share.eudat.eu/record/124/files/Density.hdf?version=1</marc:subfield>
      </marc:datafield>
      <marc:datafield tag="856" ind1="4" ind2=" ">
        <marc:subfield code="s">3592792</marc:subfield>
        <marc:subfield code="u">https://b2share.eudat.eu/record/124/files/Temperature.hdf?version=1</marc:subfield>
      </marc:datafield>
      <marc:datafield tag="909" ind1="C" ind2="O">
        <marc:subfield code="o">oai:atlantis.cern.ch:124</marc:subfield>
        <marc:subfield code="p">GLOBAL_SET</marc:subfield>
        <marc:subfield code="p">Eudat</marc:subfield>
      </marc:datafield>
      <marc:datafield tag="980" ind1=" " ind2=" ">
        <marc:subfield code="a">generic</marc:subfield>
      </marc:datafield>
    </marc:record>
  </metadata>
</record>
